@article{example_2020,
	title = {Example article},
	url = {https://www.example.com/},
	journaltitle = {example.com},
	author = {Doe, John},
	urldate = {2020-09-13},
	date = {2020-09-12}
}
